@inproceedings{yagnik2011power,
  title={The power of comparative reasoning},
  author={Yagnik, Jay and Strelow, Dennis and Ross, David A and Lin, Ruei-sung},
  booktitle={Computer Vision (ICCV), 2011 IEEE International Conference on},
  pages={2431--2438},
  year={2011},
  organization={IEEE}
}

@article{buracchio2010trajectory,
  title={The trajectory of gait speed preceding mild cognitive impairment},
  author={Buracchio, Teresa and Dodge, Hiroko H and Howieson, Diane and Wasserman, Dara and Kaye, Jeffrey},
  journal={Archives of neurology},
  volume={67},
  number={8},
  pages={980--986},
  year={2010},
  publisher={American Medical Association}
}

@article{aggarwal2006motor,
  title={Motor dysfunction in mild cognitive impairment and the risk of incident Alzheimer disease},
  author={Aggarwal, Neelum T and Wilson, Robert S and Beck, Todd L and Bienias, Julia L and Bennett, David A},
  journal={Archives of Neurology},
  volume={63},
  number={12},
  pages={1763--1769},
  year={2006},
  publisher={American Medical Association}
}

@article{camicioli1998motor,
  title={Motor slowing precedes cognitive impairment in the oldest old},
  author={Camicioli, R and Howieson, D and Oken, B and Sexton, G and Kaye, J},
  journal={Neurology},
  volume={50},
  number={5},
  pages={1496--1498},
  year={1998},
  publisher={AAN Enterprises}
}

@article{shotton2013real,
  title={Real-time human pose recognition in parts from single depth images},
  author={Shotton, Jamie and Sharp, Toby and Kipman, Alex and Fitzgibbon, Andrew and Finocchio, Mark and Blake, Andrew and Cook, Mat and Moore, Richard},
  journal={Communications of the ACM},
  volume={56},
  number={1},
  pages={116--124},
  year={2013},
  publisher={ACM}
}